@misc{wfo1,
	author = {Virginia Lau},
	title = {{How Watson for Oncology is advancing cancer care}},
	howpublished = "\url{https://www.mmm-online.com/home/channel/technology/how-watson-for-oncology-is-advancing-cancer-care/}",
	year = {2016}, 
	note = "[Online; accessed 19-Mai-2021]"
}

@misc{wfo2,
	author = {IBM},
	title = {{Supporting cancer research and treatment}},
	howpublished = "\url{https://www.ibm.com/watson-health/solutions/cancer-research-treatment}",
	note = "[Online; accessed 19-Mai-2021]"
}

@misc{wfo3,
	author = {Aaro Tupasela, Ezio Di Nucci},
	title = {{Concordance as evidence in the Watson for Oncology decision‑support
	system}},
	howpublished = "\url{https://link.springer.com/content/pdf/10.1007/s00146-020-00945-9.pdf}",
	year = {2019}, 
	note = "[Online; accessed 19-Mai-2021]"
}

@misc{netflix,
	author = {Allen Yu},
	title = {{How Netflix Uses AI, Data Science, and Machine Learning — From A Product Perspective}},
	howpublished = "\url{
	https://becominghuman.ai/how-netflix-uses-ai-and-machine-learning-a087614630fe}",
	year = {2019}, 
	note = "[Online; accessed 19-Mai-2021]"
}

@misc{bayer,
	title = {{Nachhaltige Lebensmittelproduktion durch gezielt ausgewählte Agrar-Daten}},
	howpublished = "\url{https://www.talend.com/de/customers/bayer-digital-farming-gmbh/}",
	note = "[Online; accessed 19-Mai-2021]"
}

@misc{crime-prevention,
	author = {Jen Clark},
	title = {{Facing the threat: Big Data and crime prevention}},
	howpublished = "\url{https://www.ibm.com/blogs/internet-of-things/big-data-crime-prevention/}",
	year = {2017}, 
	note = "[Online; accessed 19-Mai-2021]"
}

@misc{crime,
	author = {Shyam Varan Nath},
	title = {{Crime Pattern Detection Using Data Mining }},
	howpublished = "\url{http://cs.brown.edu/courses/csci2950-t/crime.pdf}",
	note = "[Online; accessed 19-Mai-2021]"
}

@misc{nsa,
	author = {The Guardian},
	title = {Edward Snowden: the whistleblower behind the NSA surveillance revelations},
	howpublished = "\url{https://www.theguardian.com/world/2013/jun/09/edward-snowden-nsa-whistleblower-surveillance}",
	year = {2013}, 
	note = "[Online; accessed 20-Mai-2021]"
}

@misc{ca,
	author = {The Guardian},
	title = {The Cambridge Analytica scandal changed the world – but it didn't change Facebook},
	howpublished = "\url{https://www.theguardian.com/technology/2019/mar/17/the-cambridge-analytica-scandal-changed-the-world-but-it-didnt-change-facebook}",
	year = {2019}, 
	note = "[Online; accessed 20-Mai-2021]"
}

@misc{nypd,
	author = {Nur Ibrahim},
	title = {Does the NYPD Use Robot Dogs in Its Police Work?},
	howpublished = "\url{https://www.snopes.com/fact-check/nypd-robot-dogs-police/}",
	year = {2021}, 
	note = "[Online; accessed 20-Mai-2021]"
}
@misc{bias,
	author = {Anja Rassek},
	title = {Bias: Diese 7 kognitiven Verzerrungen sollten Sie kennen},
	howpublished = "\url{https://karrierebibel.de/bias/}",
	year = {2019}, 
	note = "[Online; accessed 20-Mai-2021]"
}

@misc{ethics,
	author = {CHRIS BOUSQUET},
	title = {Mining Social Media Data for Policing, the Ethical Way},
	howpublished = "\url{https://datasmart.ash.harvard.edu/news/article/mining-social-media-data-policing-ethical-way}",
	year = {2018}, 
	note = "[Online; accessed 20-Mai-2021]"
}

@misc{bias2,
	author = {Glen Ford},
	title = {4 human-caused biases we need to fix for machine learning},
	howpublished = "\url{https://thenextweb.com/news/4-human-caused-biases-machine-learning}",
	year = {2018}, 
	note = "[Online; accessed 20-Mai-2021]"
}